<record><leader>00000cas a2200000 a 4500</leader><controlfield tag="001">10382125</controlfield><controlfield tag="008">840207d18481851miudn ne      0    0eng c</controlfield><datafield ind1=" " ind2=" " tag="010"><subfield code="a">sn 84025791 </subfield></datafield><datafield ind1=" " ind2=" " tag="040"><subfield code="a">NPV</subfield><subfield code="b">eng</subfield><subfield code="c">NPV</subfield><subfield code="d">NPY</subfield><subfield code="d">NPX</subfield><subfield code="d">MFN</subfield><subfield code="d">NVF</subfield><subfield code="d">MHN</subfield><subfield code="d">HLS</subfield><subfield code="d">MHN</subfield><subfield code="d">OCL</subfield><subfield code="d">UBY</subfield><subfield code="d">DLC</subfield><subfield code="d">OCLCQ</subfield><subfield code="d">OCLCF</subfield><subfield code="d">OCLCO</subfield></datafield><datafield ind1="1" ind2=" " tag="029"><subfield code="a">AU@</subfield><subfield code="b">000020120228</subfield></datafield><datafield ind1=" " ind2=" " tag="042"><subfield code="a">pcc</subfield></datafield><datafield ind1=" " ind2=" " tag="043"><subfield code="a">n-us-mi</subfield></datafield><datafield ind1=" " ind2=" " tag="045"><subfield code="a">w4w5</subfield></datafield><datafield ind1="0" ind2="0" tag="050"><subfield code="a">Newspaper</subfield></datafield><datafield ind1="1" ind2="4" tag="050"><subfield code="a">F574.D4</subfield><subfield code="b">D471x</subfield></datafield><datafield ind1=" " ind2=" " tag="052"><subfield code="a">4113</subfield><subfield code="b">W7</subfield></datafield><datafield ind1="0" ind2=" " tag="130"><subfield code="a">Detroit free press (Detroit, Mich. : 1848: Daily)</subfield></datafield><datafield ind1="1" ind2="0" tag="245"><subfield code="a">Detroit free press.</subfield></datafield><datafield ind1="1" ind2="7" tag="246"><subfield code="a">Daily free press</subfield></datafield><datafield ind1=" " ind2=" " tag="260"><subfield code="a">Detroit, Mich. :</subfield><subfield code="b">A.S. Bagg &amp; J.H. Harmon,</subfield><subfield code="c">1848-1851.</subfield></datafield><datafield ind1=" " ind2=" " tag="300"><subfield code="a">v.</subfield></datafield><datafield ind1=" " ind2=" " tag="310"><subfield code="a">Daily (except Sunday)</subfield></datafield><datafield ind1="0" ind2=" " tag="362"><subfield code="a">Vol. 11, no. 186 (Jan. 4, 1848)-v. 15, no. 115 (Oct. 6, 1851).</subfield></datafield><datafield ind1=" " ind2=" " tag="580"><subfield code="a">Weekly eds.: Democratic free press (Detroit, Mich. : Weekly); and: Detroit free press (Detroit, Mich. : Weekly).</subfield></datafield><datafield ind1=" " ind2=" " tag="580"><subfield code="a">Triweekly ed.: Detroit tri-weekly free press (title uncertain).</subfield></datafield><datafield ind1=" " ind2=" " tag="580"><subfield code="a">Country ed.: Detroit daily free press (Detroit, Mich. : [For the Country ed.]).</subfield></datafield><datafield ind1=" " ind2=" " tag="580"><subfield code="a">Other ed. available: Detroit free press (Detroit, Mich. : State ed.).</subfield></datafield><datafield ind1=" " ind2="0" tag="651"><subfield code="a">Wayne County (Mich.)</subfield><subfield code="v">Newspapers.</subfield></datafield><datafield ind1=" " ind2="0" tag="651"><subfield code="a">Detroit (Mich.)</subfield><subfield code="v">Newspapers.</subfield></datafield><datafield ind1=" " ind2="7" tag="655"><subfield code="a">Newspapers.</subfield><subfield code="2">fast</subfield><subfield code="0">(OCoLC)fst01423814</subfield></datafield><datafield ind1=" " ind2="7" tag="651"><subfield code="a">Michigan</subfield><subfield code="z">Detroit.</subfield><subfield code="2">fast</subfield><subfield code="0">(OCoLC)fst01205010</subfield></datafield><datafield ind1=" " ind2="7" tag="651"><subfield code="a">Michigan</subfield><subfield code="z">Wayne County.</subfield><subfield code="2">fast</subfield><subfield code="0">(OCoLC)fst01206628</subfield></datafield><datafield ind1=" " ind2=" " tag="752"><subfield code="a">United States</subfield><subfield code="b">Michigan</subfield><subfield code="c">Wayne</subfield><subfield code="d">Detroit.</subfield></datafield><datafield ind1="1" ind2=" " tag="775"><subfield code="t">Democratic free press (Detroit, Mich. : Weekly)</subfield><subfield code="w">(DLC)sn 83016732</subfield><subfield code="w">(OCoLC)10079455</subfield></datafield><datafield ind1="1" ind2=" " tag="775"><subfield code="t">Detroit free press (Detroit, Mich. : Weekly)</subfield><subfield code="w">(DLC)sn 83016616</subfield><subfield code="w">(OCoLC)9940462</subfield></datafield><datafield ind1="1" ind2=" " tag="775"><subfield code="t">Detroit tri-weekly free press</subfield></datafield><datafield ind1="1" ind2=" " tag="775"><subfield code="t">Detroit daily free press (Detroit, Mich. : [For the Country ed.])</subfield><subfield code="w">(DLC)sn 83016676</subfield><subfield code="w">(OCoLC)9975211</subfield></datafield><datafield ind1="1" ind2=" " tag="775"><subfield code="t">Detroit free press (Detroit, Mich. : State ed.)</subfield><subfield code="w">(DLC)sn 87065726</subfield><subfield code="w">(OCoLC)1775552</subfield></datafield><datafield ind1="0" ind2="0" tag="780"><subfield code="t">Democratic free press (Detroit, Mich. : 1842)</subfield><subfield code="w">(DLC)sn 83016693</subfield><subfield code="w">(OCoLC)2260192</subfield></datafield><datafield ind1="0" ind2="0" tag="785"><subfield code="t">Detroit daily free press (Detroit, Mich. : 1851)</subfield><subfield code="w">(DLC)sn 83016680</subfield><subfield code="w">(OCoLC)9975463</subfield></datafield></record>